<record><leader>00000cas a22000007a 4500</leader><controlfield tag="001">13993849</controlfield><controlfield tag="008">860731d18511854vaudr ne      0    0eng  </controlfield><controlfield tag="009">466</controlfield><datafield ind1=" " ind2=" " tag="010"><subfield code="a">sn 86071775 </subfield></datafield><datafield ind1=" " ind2=" " tag="040"><subfield code="a">DLC</subfield><subfield code="b">eng</subfield><subfield code="c">DLC</subfield><subfield code="d">NYS</subfield><subfield code="d">NVK</subfield><subfield code="d">OCLCO</subfield><subfield code="d">OCLCF</subfield></datafield><datafield ind1="1" ind2=" " tag="029"><subfield code="a">AU@</subfield><subfield code="b">000020037340</subfield></datafield><datafield ind1=" " ind2=" " tag="042"><subfield code="a">msc</subfield></datafield><datafield ind1="0" ind2="0" tag="050"><subfield code="a">Newspaper 10028-X</subfield></datafield><datafield ind1="0" ind2=" " tag="130"><subfield code="a">American beacon (Norfolk, Va. : 1851)</subfield></datafield><datafield ind1="0" ind2="4" tag="245"><subfield code="a">The American beacon.</subfield></datafield><datafield ind1="1" ind2="3" tag="246"><subfield code="a">Beacon</subfield></datafield><datafield ind1=" " ind2=" " tag="260"><subfield code="a">Norfolk, Va. :</subfield><subfield code="b">Wm. E. Cunningham &amp; Co.,</subfield><subfield code="c">1851-1854.</subfield></datafield><datafield ind1=" " ind2=" " tag="300"><subfield code="a">v. :</subfield><subfield code="b">ill. (chiefly advertisements) ;</subfield><subfield code="c">60 cm.</subfield></datafield><datafield ind1=" " ind2=" " tag="310"><subfield code="a">Daily</subfield></datafield><datafield ind1="0" ind2=" " tag="362"><subfield code="a">Vol. 52, no. 283 (Nov. 4, 1851)-v. 56, no. 6 (Jan. 7, 1854).</subfield></datafield><datafield ind1=" " ind2=" " tag="500"><subfield code="a">Also published a weekly ed.: title unknown.</subfield></datafield><datafield ind1=" " ind2=" " tag="500"><subfield code="a">Whig.</subfield></datafield><datafield ind1=" " ind2=" " tag="530"><subfield code="a">Also available on microfilm from Bell &amp; Howell, Micro Photo Div.</subfield></datafield><datafield ind1=" " ind2=" " tag="580"><subfield code="a">Triweekly eds.: American beacon and Virginia and North-Carolina gazette, 1851-1853; American beacon, and Virginia and North Carolina tri-weekly gazette, &lt;1854&gt;.</subfield></datafield><datafield ind1=" " ind2="0" tag="651"><subfield code="a">Norfolk (Va.)</subfield><subfield code="v">Newspapers.</subfield></datafield><datafield ind1=" " ind2="7" tag="655"><subfield code="a">Newspapers.</subfield><subfield code="2">fast</subfield><subfield code="0">(OCoLC)fst01423814</subfield></datafield><datafield ind1=" " ind2="7" tag="651"><subfield code="a">Virginia</subfield><subfield code="z">Norfolk.</subfield><subfield code="2">fast</subfield><subfield code="0">(OCoLC)fst01206844</subfield></datafield><datafield ind1=" " ind2=" " tag="752"><subfield code="a">United States</subfield><subfield code="b">Virginia</subfield><subfield code="d">Norfolk.</subfield></datafield><datafield ind1="1" ind2=" " tag="775"><subfield code="t">American beacon and Virginia and North-Carolina gazette</subfield><subfield code="w">(DLC)sn 85025812</subfield></datafield><datafield ind1="1" ind2=" " tag="775"><subfield code="t">American beacon, and Virginia and North Carolina tri-weekly gazette</subfield><subfield code="w">(DLC)sn 99066775</subfield></datafield><datafield ind1="0" ind2="0" tag="780"><subfield code="t">American beacon and Norfolk and Portsmouth daily advertiser (Norfolk, Va. : 1827)</subfield><subfield code="w">(DLC)sn 86071774</subfield></datafield><datafield ind1="0" ind2="0" tag="785"><subfield code="t">American beacon and daily commercial advertiser</subfield><subfield code="w">(DLC)sn 92061764</subfield><subfield code="w">(OCoLC)25389439</subfield></datafield></record>